<?xml version="1.0" encoding="UTF-8"?><record xmlns="http://www.loc.gov/MARC21/slim" xmlns:cinclude="http://apache.org/cocoon/include/1.0" xmlns:zs="http://www.loc.gov/zing/srw/">
  <leader>00609cz  a2200157n  4500</leader>
  <controlfield tag="001">n 2013204718</controlfield>
  <controlfield tag="003">DLC</controlfield>
  <controlfield tag="005">20130214075019.0</controlfield>
  <controlfield tag="008">130213n| acannaabn          |b aaa      </controlfield>
  <datafield tag="010" ind1=" " ind2=" ">
    <subfield code="a">n 2013204718</subfield>
  </datafield>
  <datafield tag="040" ind1=" " ind2=" ">
    <subfield code="a">DLC</subfield>
    <subfield code="b">eng</subfield>
    <subfield code="c">DLC</subfield>
  </datafield>
  <datafield tag="100" ind1="1" ind2=" ">
    <subfield code="a">Ṣādiqʹsāʼ, Dāvūd</subfield>
  </datafield>
  <datafield tag="400" ind1="1" ind2=" ">
    <subfield code="a">‏صادق‌ساء، داوود</subfield>
  </datafield>
  <datafield tag="400" ind1="1" ind2=" ">
    <subfield code="a">Sadeqsaa, Davood</subfield>
  </datafield>
  <datafield tag="667" ind1=" " ind2=" ">
    <subfield code="a">Non-Latin script reference not evaluated.</subfield>
  </datafield>
  <datafield tag="670" ind1=" " ind2=" ">
    <subfield code="a">Kākh-i Gulistān, 2011 or 2012:</subfield>
    <subfield code="b">t.p. (داود صادق‌ساء = Dāvūd Ṣādiqʹsāʼ) t.p. verso (Iranian CIP data: Ṣādiqʹsāʼ, Dāvūd) added t.p. (Davood Sadeqsaa [in rom.])</subfield>
  </datafield>
</record>